<record><leader>00000cas a2200000 a 4500</leader><controlfield tag="001">46671765</controlfield><controlfield tag="008">010405u199uuuuumiu x n       0    0eng c</controlfield><datafield ind1=" " ind2=" " tag="010"><subfield code="a">sn2001061640</subfield></datafield><datafield ind1=" " ind2=" " tag="040"><subfield code="a">MHN</subfield><subfield code="b">eng</subfield><subfield code="c">MHN</subfield><subfield code="d">OCLCQ</subfield><subfield code="d">OCLCF</subfield><subfield code="d">OCLCO</subfield></datafield><datafield ind1=" " ind2=" " tag="019"><subfield code="a">33024184</subfield></datafield><datafield ind1="1" ind2=" " tag="029"><subfield code="a">AU@</subfield><subfield code="b">000022589023</subfield></datafield><datafield ind1=" " ind2=" " tag="042"><subfield code="a">pcc</subfield></datafield><datafield ind1=" " ind2=" " tag="043"><subfield code="a">n-us-mi</subfield></datafield><datafield ind1="0" ind2="0" tag="245"><subfield code="a">Metroplex news.</subfield></datafield><datafield ind1=" " ind2=" " tag="260"><subfield code="a">Lansing, Mich. :</subfield><subfield code="b">Metroplex</subfield></datafield><datafield ind1=" " ind2=" " tag="300"><subfield code="a">v.</subfield></datafield><datafield ind1=" " ind2=" " tag="310"><subfield code="a">Irregular</subfield></datafield><datafield ind1=" " ind2=" " tag="588"><subfield code="a">Description based on: Vol. 9, no. 3 (June 1, 1994).</subfield></datafield><datafield ind1=" " ind2="0" tag="651"><subfield code="a">Lansing (Mich.)</subfield><subfield code="v">Newspapers.</subfield></datafield><datafield ind1=" " ind2="0" tag="651"><subfield code="a">Ingham County (Mich.)</subfield><subfield code="v">Newspapers.</subfield></datafield><datafield ind1=" " ind2="4" tag="650"><subfield code="a">African Americans</subfield><subfield code="z">Michigan</subfield><subfield code="v">Newspapers.</subfield></datafield><datafield ind1=" " ind2="7" tag="655"><subfield code="a">Newspapers.</subfield><subfield code="2">fast</subfield><subfield code="0">(OCoLC)fst01423814</subfield></datafield><datafield ind1=" " ind2="7" tag="651"><subfield code="a">Michigan</subfield><subfield code="z">Ingham County.</subfield><subfield code="2">fast</subfield><subfield code="0">(OCoLC)fst01209050</subfield></datafield><datafield ind1=" " ind2="7" tag="651"><subfield code="a">Michigan</subfield><subfield code="z">Lansing.</subfield><subfield code="2">fast</subfield><subfield code="0">(OCoLC)fst01208349</subfield></datafield><datafield ind1=" " ind2=" " tag="752"><subfield code="a">United States</subfield><subfield code="b">Michigan</subfield><subfield code="c">Ingham</subfield><subfield code="d">Lansing.</subfield></datafield><datafield ind1="0" ind2="0" tag="780"><subfield code="t">Metroplex Michigan</subfield><subfield code="w">(DLC)sn2001061639</subfield><subfield code="w">(OCoLC)27986118</subfield></datafield></record>